% commentsBibfile_optoacoustics.bib
%
% AUTHOR: O. Melchert
%

@UNPUBLISHED{Melchert_FJ:2016,
 author        = {Melchert, O. and Wollweber, M. and Roth, B.},
 title         = "{Efficient polar convolution based on the discrete Fourier-Bessel transform for application in computational biophotonics}",
 year          = {2016},
 eprint        = {1611.02202},
 archivePrefix = {arXiv},
 note          = {(preprint)}
}

@UNPUBLISHED{Melchert:2017,
 author        = {Melchert, O. and Blumenr\"other, E. and Wollweber, M. and Roth, B.},
 title         = "{Numerical prediction of the piezoelectric transducer response in the acoustic nearfield using a one-dimensional electromechanical finite difference approach}",
 year          = {2017},
 eprint        = {1703.05054},
 archivePrefix = {arXiv},
 url           = "{\url{https://arxiv.org/abs/1703.05054}}",
 note          = {(preprint)}
}

@UNPUBLISHED{Melchert_GitHub_PCPI:2016,
 author        = {Melchert, O.},
 title         = "{PyPCPI - A python module for optoacoustic signal generation via polar convolution and Poisson integral evaluation}",
 year          = {2016},
 note          = {See https://github.com/omelchert/PCPI.git [accessed 15.02.2017]}
}

@UNPUBLISHED{Jacques_mcxyz:2013,
 author        = {Jacques, S. L. and Li, T.},
 title         = "{Monte Carlo simulations of light transport in 3D heterogeneous tissues (mcxyz.c)}",
 year          = {2013},
 note          = {See http://omlc.org/software/mc/mcxyz/index.html [accessed 30.01.2017]}
}

% EOF: commentsBibfile_optoacoustics.bib
