% masterBibfile_optoacoustics.bib
%
% AUTHOR: O. Melchert
%

% A %%%%%%%%%%%%%%%%%%%%%%%%%%%%%%%%%%%%%%%%%%%%%%%%%%%%%%%%%%%%%%%%%%%%%%%%%%% 

@ARTICLE{Alerstam:2010, 
 author  = {Alerstam, E. and Lo, W. C. Y. and Han, T. D. and Rose, J. and Andersson-Engels, S. and Lilge, L.}, 
 journal = {Biomed. Opt. Express}, 
 pages   = {658--675}, 
 title   = {Next-generation acceleration and code optimization for light transport in turbid media using GPUs}, 
 volume  = {1}, 
 year    = {2010}
}

@ARTICLE{DAlessandro:2012, 
 author  = {D'Alessandro, B. and Dhawan, A. P.}, 
 journal = {IEEE Transactions on Medical Imaging}, 
 title   = "{3-D Volume Reconstruction of Skin Lesions for Melanin and Blood Volume Estimation and Lesion Severity Analysis}", 
 volume  = {31}, 
 pages   = {2083}, 
 year    = {2012}
}

@BOOK{Apagyi:1997,
  author={Apagyi, B. and Endr{\'e}di, G. and Levay, P.},
  title={Inverse and Algebraic Quantum Scattering Theory},
  series={Lecture notes in physics},
  publisher={Springer},
  year={1997}
}

% B %%%%%%%%%%%%%%%%%%%%%%%%%%%%%%%%%%%%%%%%%%%%%%%%%%%%%%%%%%%%%%%%%%%%%%%%%%% 

@ARTICLE{Barnes:2010,
 author  = {Barnes, N.},
 title   = {Publish your computer code: it is good enough},
 journal = {Nature},
 volume  = {467},
 pages   = {753},
 year    = {2010}
}

@ARTICLE{Burgholzer:2007,
 author  = {Burgholzer, P. and Matt, G. J. and Haltmeier, M. and Paltauf, G.},
 title   = {Exact and approximative imaging methods for photoacoustic tomography using an arbitrary detection surface},
 journal = {Phys. Rev. E},
 volume  = {75},
 pages   = {046706},
 year    = {2007}
}

@ARTICLE{Belchami:2016,
  author  = {Belhachmi, Z. and Glatz, T. and Scherzer, O.},
  title   = {A direct method for photoacoustic tomography with inhomogeneous sound speed},
  journal = {Inverse Problems},
  volume  = {32},
  number  = {4},
  pages   = {045005},
  year    = {2016}
}

@ARTICLE{Baddour:2009,
  author  = {Baddour, N.}, 
  title   = "{Operational and convolution properties of two-dimensional Fourier transforms in polar coordinates}", 
  journal = {J. Opt. Soc. Am. A}, 
  volume  = {26},
  pages   = {1767}, 
  year    = {2009}
}

@ARTICLE{Baddour:2015,
  author  = {Baddour, N. and Chouinard, U.}, 
  title   = "{Theory and operational rules for the discrete Hankel transform}", 
  journal = {J. Opt. Soc. Am. A}, 
  volume  = {32},
  pages   = {611}, 
  year    = {2015}
}

@ARTICLE{Blumenroether:2016,
 author  = {Blumenr\"other, E. and Melchert, O. and Wollweber, M. and Roth, B.},
 title   = "{Detection, numerical simulation and approximate inversion of optoacoustic signals generated in multi-layered PVA hydrogel based tissue phantoms}",
 journal = {Photoacoustics}, 
 volume  = {4},
 pages   = {125-132}, 
 year    = {2016}
}


% C %%%%%%%%%%%%%%%%%%%%%%%%%%%%%%%%%%%%%%%%%%%%%%%%%%%%%%%%%%%%%%%%%%%%%%%%%%% 


@ARTICLE{Cassereau:1988,
 author  = {Cassereau, D. and Daniel Guyomar and Mathias Fink},
 title   = {Time deconvolution of diffraction effects¿Application to calibration and prediction of transducer waveforms},
 journal = {The Journal of the Acoustical Society of America},
 volume  = {84},
 number  = {3},
 pages   = {1073-1085},
 year    = {1988}
}


@BOOK{Colton:2013,
 author    = {Colton, D. and Kress, R.},
 title     = {Inverse Acoustic and Electromagnetic Scattering Theory (3rd Ed.)},
 publisher = {Springer},
 year      = {2013}
}

@ARTICLE{Cywiak:2013,
 author  = {Cywiak, D. and Barreiro-Arg{\"u}elles, M. D. and Cywiak, M. and Landa-Curiel, A. and Garcia-Segundo, C. and Gutierrez-Ju{\'a}rez, G.},
 title   = {A One-Dimensional Solution of the Photoacoustic Wave Equation and its Relationship with Optical Absorption},
 journal = {International Journal of Thermophysics},
 volume  = {34},
 number  = {8},
 pages   = {1473--1480},
 year    = {2013}
}

@BOOK{Chadan:1989,
 author    = {Chadan, K. and Sabatier, P.},
 title     = {Inverse Problems of Quantum Scattering Theory},
 publisher = {Springer},
 year      = {1989}
}

@ARTICLE{Cree:1993,
 author  = {Cree, M. J. and Bones, P. J.},
 title   = "{Algorithms to numerically evaluate the Hankel transform}",
 journal = {Computers Math. Applic.},
 volume  = {26},
 number  = {1},
 pages   = {1},
 year    = {1993},
}

@ARTICLE{Candel:1981,
 author = {Candel, S.M.},
 title = "{An algorithm for the Fourier-Bessel transform}",
 journal = {Computer Physics Communications},
 volume = {23},
 pages = {343},
 year = {1981}
}

% D %%%%%%%%%%%%%%%%%%%%%%%%%%%%%%%%%%%%%%%%%%%%%%%%%%%%%%%%%%%%%%%%%%%%%%%%%%% 

@ARTICLE{DeanBen:2012,
 author  = {De{\'a}n-Ben, X. L. and Buehler, A. and Ntziachristos, V. and Razansky, D.},
 title   = {Accurate model-based reconstruction algorithm for three-dimensional optoacoustic tomography},
 journal = {IEEE Transactions on Medical Imaging},
 volume  = {31},
 pages   = {1922--1928},
 year    = {2012}
}

@ARTICLE{Diebold:1990,
 author  = {Diebold, G. J. and Khan, M. I. and Park, S. M.},
 title   = {Photoacoustic signatures of particulate matter: optical production of acoustic monopole radiation},
 journal = {Science},
 volume  = {250},
 number  = {4977},
 pages   = {101--104},
 year    = {1990}
}

@ARTICLE{Diebold:1991,
 author  = {Diebold, G. J. and Sun, T. and Khan, M. I.},
 title   = {Photoacoustic monopole radiation in one, two, and three dimensions},
 journal = {Phys. Rev. Lett.},
 volume  = {67},
 pages   = {3384--3387},
 year    = {1991}
}

@ARTICLE{Dovlo:2015,
 author  = {Dovlo, E. and Baddour, N.},
 title   = "{Toolbox for the Computation of 2D Fourier Transforms in Polar Coordinates via Maple}",
 journal = {Journal of Open Research Software},
 volume  = {3},
 pages   = {e3},
 year    = {2015}
}


% E %%%%%%%%%%%%%%%%%%%%%%%%%%%%%%%%%%%%%%%%%%%%%%%%%%%%%%%%%%%%%%%%%%%%%%%%%%% 

% F %%%%%%%%%%%%%%%%%%%%%%%%%%%%%%%%%%%%%%%%%%%%%%%%%%%%%%%%%%%%%%%%%%%%%%%%%%% 

@ARTICLE{Fonseca:2016,
 title   = {Characterisation of a phantom for multiwavelength quantitative photoacoustic imaging},
 author  = {Fonseca, M. and Zeqiri, B. and Beard, P. C. and Cox, B. T.},
 journal = {Phys. Med. Biol.},
 volume  = {61},
 number  = {13},
 pages   = {4950},
 year    = {2016}
}

% G %%%%%%%%%%%%%%%%%%%%%%%%%%%%%%%%%%%%%%%%%%%%%%%%%%%%%%%%%%%%%%%%%%%%%%%%%%% 

@BOOK{Gusev:1993,
 author    = {Gusev, V. E. and Karabutov, A. A.},
 title     = {Laser Optoacoustics},
 publisher = {American Institute of Physics},
 year      = {1993}
}

@ARTICLE{Gardner:1994,
 author  = {Gardner, C. M. and Welch, A. J.},
 title   = {Monte Carlo simulation of light transport in tissue: unscattered absorption events},
 journal = {Applied Optics},
 volume  = {33},
 pages   = {2743},
 year    = {1994}
}

@ARTICLE{Goplan:1983,
 author  = "Gopalan, K. and Chen, C. S.",
 title   = "{Fast computation of zero order Hankel transform}",
 journal = "{Journal of the Franklin Institute}",
 volume  = {316},
 number  = {4},
 pages   = {317 - 326},
 year    = {1983},
}

@ARTICLE{GuizarSicairos:2004,
 title   = {Computation of quasi-discrete Hankel transforms of integer order for propagating optical wave fields},
 author  = {Guizar-Sicairos, M. and Guti{\'e}rrez-Vega, J. C.},
 journal = {J. Opt. Soc. Am. A},
 volume  = {21},
 number  = {1},
 pages   = {53},
 year    = {2004}
}

@ARTICLE{Gonzalez:2014,
 author  = {Gonz{\'a}lez, M. G. and Sorichetti, P. A. and Santiago, G. D.},
 title   = {Modeling thin-film piezoelectric polymer ultrasonic sensors},
 journal = {Rev. Sci. Instrum.},
 volume  = {85},
 number  = {11},
 pages   = {115005},
 year    = {2014}
}

@MISC{Gnuplot:2015,                    
 author = {Williams, T. and Kelley, C. and {many others}},                
 title  = {Gnuplot 5.0: an interactive plotting program},                    
 year   = {2015},                    
 howpublished = { {http://gnuplot.sourceforge.net/}},
 note = {[Online; accessed 2017-03-06]}
}  

% H %%%%%%%%%%%%%%%%%%%%%%%%%%%%%%%%%%%%%%%%%%%%%%%%%%%%%%%%%%%%%%%%%%%%%%%%%%% 

@BOOK{Hazewinkel:1987,
  title     = {Encyclopaedia of Mathematics},
  author    = {Hazewinkel, M.},
  series    = {Encyclopaedia of Mathematics: An Updated and Annotated Translation of the Soviet "Mathematical Encyclopaedia"},
  publisher = {Springer},
  year      = {1987}
}

@BOOK{Hairer:1993,
  author = {Hairer, E. and N{\o}rsett, S. P. and Wanner, G.},
  title = {Solving Ordinary Differential Equations I (2nd rev. Ed.): Nonstiff Problems},
  publisher = {Springer},
  year = {1993}
} 

@BOOK{Hartmann:2009,
  author    = {Hartmann, A. K.},
  title     = {Practical Guide to Computer Simulations},
  year      = {2009},
  publisher = {World Scientific},
  address   = {Singapore}
}

@INBOOK{Hassan:2000,
 author     = {Hassan, C. M. and Peppas, N. A.},
 chapter    = "{Structure and Applications of Poly(vinyl alcohol) Hydrogels Produced by Conventional Crosslinking or by Freezing/Thawing Methods}",
 title      = "{Biopolymers {\textperiodcentered} PVA Hydrogels, Anionic Polymerisation Nanocomposites}",
 publisher  = {Springer Berlin Heidelberg},
 address    = {Berlin, Heidelberg},
 pages      = {37--65},
 year       = {2000}
}

@ARTICLE{Higgins:1988,
 title   = "{A Hankel Transform Approach to Tomographic Image Reconstruction}",
 author  = {Higgins, W. E. and Munson, D. C.},
 journal = {IEEE Trans. Medical Imaging},
 volume  = {7},
 number  = {1},
 pages   = {59--72},
 year    = {1988}
}

@ARTICLE{Hutchins:1986,
 title   = {Mechanisms of pulsed photoacoustic generation},
 author  = {Hutchins, D. A.},
 journal = {Can. J. Phys.},
 volume  = {64},
 number  = {9},
 pages   = {1247--1264},
 year    = {1986}
}

% I %%%%%%%%%%%%%%%%%%%%%%%%%%%%%%%%%%%%%%%%%%%%%%%%%%%%%%%%%%%%%%%%%%%%%%%%%%% 

@ARTICLE{Ince:2012,
 author  = {Ince, D. C. and Hatton, L. and Graham-Cumming, J.},
 title   = "{The case for open computer programs}",
 journal = {Nature},
 volume  = {482},
 pages   = {485-488},
 year    = {2012}
}

% J %%%%%%%%%%%%%%%%%%%%%%%%%%%%%%%%%%%%%%%%%%%%%%%%%%%%%%%%%%%%%%%%%%%%%%%%%%% 

@BOOK{Jerri:1999,
 title     = {Introduction to integral equations with applications},
 author    = {Jerri, A.},
 publisher = {John Wiley \& Sons},
 address   = {New York},
 year      = {1999}
}

@ARTICLE{Jacques:2013,
 author  = {Jacques, S. L.},
 title   = {Optical properties of biological tissue: a review},
 journal = {Phys. Med. Biol.},
 volume  = {58},
 pages   = {R37-R61},
 year    = {2013}
}

@ARTICLE{Jacques:2014,
 author  = {Jacques, S. L.},
 title   = "{Coupling 3D Monte Carlo light transport in optically heterogeneous tissues to photoacoustic signal generation}",
 journal = {Photoacoustics},
 volume  = {2},
 pages   = {137--142},
 year    = {2014}
}

@ARTICLE{Jaeger:2005,
 author  = {Jaeger, M. and Niederhauser, J. J. and Hejazi, M. and Frenz, M.},
 title   = {Diffraction-free acoustic detection for optoacoustic depth profiling of tissue using an optically transparent polyvinylidene fluoride pressure transducer operated in backward and forward mode},
 journal = {J. Biomed. Opt.},
 volume  = {10},
 number  = {2},
 pages   = {024035},
 year    = {2005}
}

@ARTICLE{FiskJohnson:1987,
 author  = {Fisk Johnson, H.},
 title   = "{An improved method for computing a discrete Hankel transform}",
 journal = {Computer Physics Communications},
 volume  = {43},
 pages   = {181},
 year    = {1987}
}

@MISC{Jones:2001,
 author =    {Jones, E. and Oliphant, T. E. and Peterson, P. and {many others}},
 title =     {{SciPy}: Open source scientific tools for {Python}},
 year =      {2001},
 howpublished = { {http://www.scipy.org/} },
 note         = {[Online; accessed 2017-03-06]}
}

% K %%%%%%%%%%%%%%%%%%%%%%%%%%%%%%%%%%%%%%%%%%%%%%%%%%%%%%%%%%%%%%%%%%%%%%%%%%% 

@INBOOK{Kress:1989,
 author    = {Kress, R.},
 chapter   = {Degenerate Kernel Approximation},
 title     = {Linear Integral Equations},
 publisher = {Springer},
 address   = {Berlin, Heidelberg},
 pages     = {154--167},
 year      = {1989}
}

@ARTICLE{Kruger:1995,
 author  = {Kruger, R. A. and Liu, P. and Fang, Y. and Appledorn, C. R.},
 title   = "{Photoacoustic ultrasound (PAUS) - Reconstruction tomography}",
 journal = {Med. Phys.},
 volume  = {22},
 pages   = {1605--1609},
 year    = {1995}
}

@ARTICLE{Karabutov:1996,
 author  = {Karabutov, A. and Podymova, N. B. and Letokhov, V. S.},
 title   = {Time-resolved laser optoacoustic tomography of inhomogeneous media},
 journal = {Appl. Phys. B},
 volume  = {63},
 pages   = {545--563},
 year    = {1996}
}

@ARTICLE{Kharine:2003,
 author  = {Kharine, A. and Manohar, S. and Seeton, R. and Kolkman, R. G. M. and Bolt, R. A. and Steenbergen, W. and deMul, F. F. M. },
 title   = {Poly(vinyl alcohol) gels for use as tissue phantoms in photoacoustic mammography},
 journal = {Phys. Med. Biol.},
 pages   = {357--370},
 volume  = {48},
 number  = {3},
 year    = {2003}
}

@ARTICLE{Karsten:2012,
 author  = {Karsten, A.\ E. and Smit, J.\ E.},
 title   = {Modeling and verification of melanin concentration on human skin type},
 journal = {Photochemistry and photobiology},
 pages   = {469--474},
 volume  = {88},
 number  = {2},
 year    = {2012}
}

@ARTICLE{Kuchment:2008,
 author  = {Kuchment, P. and Kunyansky, L.},
 title   = {Mathematics of thermoacoustic tomography},
 journal = {European Journal of Applied Mathematics},
 volume  = {19},
 pages   = {191--224},
 year    = {2008}
}

% L %%%%%%%%%%%%%%%%%%%%%%%%%%%%%%%%%%%%%%%%%%%%%%%%%%%%%%%%%%%%%%%%%%%%%%%%%%% 


@BOOK{Landau:1987,
 author    = {Landau, L. D. and Lifshitz, E. M.},
 title     = {Fluid Mechanics (2nd Ed.)},
 publisher = {Pergamon},
 year      = {1987}
}

@BOOK{Landau:1981,
 author    = {Landau, L. D. and Lifshitz, E. M.},
 title     = {Hydrodynamik (4th Ed.)},
 publisher = {Akademie-Verlag (Berlin)},
 year      = {1981}
}

% M %%%%%%%%%%%%%%%%%%%%%%%%%%%%%%%%%%%%%%%%%%%%%%%%%%%%%%%%%%%%%%%%%%%%%%%%%%% 

@ARTICLE{Mitsuhashi:2014,
 author  = {Mitsuhashi, K. and Wang, K. and Anastasio, M. A.},
 title   = {Investigation of the far-field approximation for modeling a transducer's spatial impulse response in photoacoustic computed tomography},
 journal = {Photoacoustics},
 volume  = {2},
 number  = {1},
 pages   = {21--32},
 year    = {2014}
}

@ARTICLE{Melchert:2006,
 author  = {Melchert, O. and Scheid, W. and Apagyi, B.},
 title   = {Inversion of real and complex phase shifts to potentials by the generalized Cox-Thompson inverse scattering method at fixed energy}, 
 journal = {J. Phys. G: Nucl. Part. Phys.},
 volume  = {32},
 pages   = {849--858},
 year    = {2006}
}


% N %%%%%%%%%%%%%%%%%%%%%%%%%%%%%%%%%%%%%%%%%%%%%%%%%%%%%%%%%%%%%%%%%%%%%%%%%%% 

@ARTICLE{Niederhauser:2005,
 author  = {Niederhauser, J. J. and Jaeger, M. and Hejazi, M. and Keppner, H. and Frenz, M.},
 title   = "{Transparent ITO coated PVDF transducer for optoacoustic depth profiling}",
 journal = {Optics Communications},
 pages   = {401--406},
 volume  = {253},
 number  = {4-6},
 year    = {2005}
}

@BOOK{NumRec:1992,
 author    = {Press, W.H. and Flannery, B.P. and Teukolsky, S.A. and Vetterling, W.T.},
 title     = {Numerical Recipes in FORTRAN 77},
 year      = {1992},
 publisher = {Cambridge University Press}
}

% O %%%%%%%%%%%%%%%%%%%%%%%%%%%%%%%%%%%%%%%%%%%%%%%%%%%%%%%%%%%%%%%%%%%%%%%%%%% 

@ARTICLE{Oliphant:2007,
author  = {Oliphant, T. E.},
title   = "{Python for Scientific Computing}",
journal = {Computing in Science \& Engineering},
volume  = {9},
number  = {3},
pages   = {10-20},
year    = {2007}
}

% P %%%%%%%%%%%%%%%%%%%%%%%%%%%%%%%%%%%%%%%%%%%%%%%%%%%%%%%%%%%%%%%%%%%%%%%%%%% 

@ARTICLE{Paltauf:1996,
 author = {Paltauf, G. and Schmidt-Kloiber, H. and Guss, H.},
 title = {Light distribution measurements in absorbing materials by optical detection of laser-induced stress waves},
 journal = {Appl. Phys. Lett.},
 volume = {69},
 number = {11},
 pages = {1526-1528},
 year = {1996}
}

@ARTICLE{Paltauf:1997,
  author  = {Paltauf, G. and Schmidt-Kloiber, H.},
  title   = "{Measurement of laser-induced acoustic waves with a calibrated optical transducer}",
  journal = {J. Appl. Phys.},
  volume  = {82},
  pages   = {1525},
  year    = {1997}
}

@ARTICLE{Paltauf:1998,
 author  = {Paltauf, G. and Schmidt-Kloiber, H. and Frenz, M.},
 title   = {Photoacoustic waves excited in liquids by fiber-transmitted laser pulses},
 journal = {J. Acoust. Soc. Am.},
 volume  = {104},
 pages   = {890--897},
 year    = {1998}
}

@ARTICLE{Paltauf:2000,
 author  = {Paltauf, G. and Schmidt-Kloiber, H.},
 title   = {Pulsed optoacoustic characterization of layered media},
 journal = {J. Appl. Phys.},
 volume  = {88},
 pages   = {1624--1631},
 year    = {2000}
}

@ARTICLE{Paltauf:2002,
 author  = {Paltauf, G. and Schmidt-Kloiber, H.},
 title   = {Optoakustische Spektroskopie und Bildgebung},
 journal = {Zeitschrift für Medizinische Physik},
 volume  = {12},
 pages   = {35--42},
 year    = {2002}
}

@ARTICLE{Palmai:2013,
 author  = {P{\'a}lmai, T. and Apagyi, B.},
 title   = {The inverse scattering problem at fixed energy based on the Marchenko equation for an auxiliary Sturm-Liouville operator},
 journal = {J. Phys. A: Math. Theo.},
 volume  = {46},
 number  = {4},
 pages   = {045303},
 year    = {2013}
}

% Q %%%%%%%%%%%%%%%%%%%%%%%%%%%%%%%%%%%%%%%%%%%%%%%%%%%%%%%%%%%%%%%%%%%%%%%%%%% 

% R %%%%%%%%%%%%%%%%%%%%%%%%%%%%%%%%%%%%%%%%%%%%%%%%%%%%%%%%%%%%%%%%%%%%%%%%%%% 

% S %%%%%%%%%%%%%%%%%%%%%%%%%%%%%%%%%%%%%%%%%%%%%%%%%%%%%%%%%%%%%%%%%%%%%%%%%%% 

@ARTICLE{Stoffels:2015,
	author  = {Stoffels, I. and Morscher, S. and Helfrich, I. and Hillen, U.
                and Leyh, J. and Burton, N. C. and Sardella, T. C. P. 
                and Claussen, J. and Poeppel, T. D. and Bachmann, H. S. 
                and Roesch, A. and Griewank, K. and Schadendorf, D. 
                and Gunzer, M. and Klode, J.},
	title   = {Metastatic status of sentinel lymph nodes in melanoma determined noninvasively with multispectral optoacoustic imaging},
	journal = {Science Translational Medicine},
	volume  = {7},
	number  = {317},
	pages   = {317ra199},
	year    = {2015}
}

@ARTICLE{Stoffels:2015ERR,
	editor  = {,},
	author  = {Stoffels, I. and Morscher, S. and Helfrich, I. and Hillen, U.
                and Leyh, J. and Burton, N. C. and Sardella, T. C. P. 
                and Claussen, J. and Poeppel, T. D. and Bachmann, H. S. 
                and Roesch, A. and Griewank, K. and Schadendorf, D. 
                and Gunzer, M. and Klode, J.},
	title   = {Erratum for the Research Article: {\textquotedblleft}Metastatic status of sentinel lymph nodes in melanoma determined noninvasively with multispectral optoacoustic imaging{\textquotedblright} by I. Stoffels, S. Morscher, I. Helfrich, U. Hillen, J. Lehy, N. C. Burton, T. C. P. Sardella, J. C{\textellipsis}},
	journal = {Science Translational Medicine},
	volume  = {7},
	number  = {319},
	pages   = {319er8},
	year    = {2015}
}

@ARTICLE{Siegman:1977, 
 author  = {Siegman, A. E.}, 
 title   = "{Quasi fast Hankel transform}", 
 journal = {Opt. Lett.}, 
 pages   = {13}, 
 volume  = {1}, 
 year    = {1977}
}

@ARTICLE{Schwab:2000,
 author  = {Schwab, M. and Karrenbach, N. and Claerbout, J.}, 
 title   = {Making scientific computations reproducible}, 
 journal = {Computing in Science Engineering}, 
 volume  = {2}, 
 pages   = {61-67}, 
 year    = {2000}
}

@ARTICLE{Sandve:2013,
 author  = {Sandve, G. K. and Nekrutenko, A. and Taylor, J. and Hovig, E. and Bourne, P. E.}, 
 title   = {Ten Simple Rules for Reproducible Computational Research}, 
 journal = {PLoS Computational Biology}, 
 volume  = {9}, 
 pages   = {e1003285}, 
 year    = {2013}
}

@ARTICLE{Sigrist:1986,
 author = {Sigrist, M. W.},
 title = "{Laser generation of acoustic waves in liquids and gases}",
 journal = {J. Appl. Phys.},
 volume = {60},
 pages = {R83-R122},
 year = {1986}
}

@ARTICLE{Sigrist:1978,
 author  = {Sigrist, M. W. and Kneub\"{u}hl, F. K.},
 title   = {Laser-generated stress waves in liquids},
 journal = {J. Acoust. Soc. Am.},
 volume  = {64},
 number  = {6},
 pages   = {1652-1663},
 year    = {1978}
}

@ARTICLE{Schoeffmann:1988,
 author  = {Schoeffmann, H. and Schmidt-Kloiber, H. and Reichel, E.},
 title   = {Time-resolved investigations of laser-induced shock waves in water by use of polyvinylidenefluoride hydrophones},
 journal = {J. Appl. Phys.},
 volume  = {63},
 pages   = {46-51},
 year    = {1988}
}

% T %%%%%%%%%%%%%%%%%%%%%%%%%%%%%%%%%%%%%%%%%%%%%%%%%%%%%%%%%%%%%%%%%%%%%%%%%%% 

@ARTICLE{Talman:1978,
 author  = {James D Talman},
 title   = {Numerical Fourier and Bessel transforms in logarithmic variables},
 journal = {Journal of Computational Physics},
 volume  = {29},
 pages   = {35},
 year    = {1978}
}

@ARTICLE{Tam:1986,
 author  = {Tam, A. C.},
 title   = {Applications of photoacoustic sensing techniques},
 journal = {Rev. Mod. Phys.},
 volume  = {58},
 pages   = {381-431},
 year    = {1986}
}

@ARTICLE{Townsend:2015,
 author  = {Townsend, A.},
 title   = {A fast analysis-based discrete Hankel transform using asymptotic expansions},
 journal = {SIAM J. Numer. Anal.},
 volume  = {53},
 pages   = {1897-1917},
 year    = {2015}
}


@ARTICLE{Terzic:1984,
 author  = {Terzi\'{c}, M. and Sigrist, M. W.},
 title   = {Diffraction characteristics of laser-induced acoustic waves in liquids},
 journal = {J. Appl. Phys.},
 volume  = {56},
 number  = {1},
 pages   = {93-95},
 year    = {1984}
}


% U %%%%%%%%%%%%%%%%%%%%%%%%%%%%%%%%%%%%%%%%%%%%%%%%%%%%%%%%%%%%%%%%%%%%%%%%%%% 

% V %%%%%%%%%%%%%%%%%%%%%%%%%%%%%%%%%%%%%%%%%%%%%%%%%%%%%%%%%%%%%%%%%%%%%%%%%%% 

@ARTICLE{Vocadlo:1994,
 author  = {Vocadlo, N. L. and Price, G. D.},
 title   = {The Gr\"uneisen parameter: computer calculations via lattice dynamics},
 journal = {Physics of the Earth and Planetary Interiors},
 volume  = {82},
 pages   = {261--270},
 year    = {1994}
}

% W %%%%%%%%%%%%%%%%%%%%%%%%%%%%%%%%%%%%%%%%%%%%%%%%%%%%%%%%%%%%%%%%%%%%%%%%%%% 

@INPROCEEDINGS{Wollweber:2014,
 author    = {Meinhardt-Wollweber, M. and Suhr, C. and Kniggendorf, A.-K. and Roth, B.},
 title     = "{Tissue phantoms for multimodal approaches: Raman spectroscopy and optoacoustics}",
 booktitle = {SPIE BiOS},
 pages     = {89450B},
 publisher = {SPIE},
 series    = {SPIE Proceedings},
 year      = {2014}
}

@ARTICLE{Wang:2008,
 author  = {Wang, Y. and Wang, R.},
 title   = {Photoacoustic recovery of an absolute optical absorption coefficient with an exact solution of a wave equation},
 journal = {Phys. Med. Biol.},
 volume  = {53},
 number  = {21},
 pages   = {6167},
 year    = {2008},
}

@BOOK{Wang:2009,
 author    = {Wang, L.V.},
 title     = {Photoacoustic Imaging and Spectroscopy},
 series    = {Optical Science and Engineering},
 publisher = {CRC Press},
 year      = {2009}
}

@ARTICLE{Wilson:1990, 
 author  = {Wilson, B. C. and Jacques, S. L.}, 
 journal = {IEEE Journal of Quantum Electronics}, 
 title   = {Optical reflectance and transmittance of tissues: principles and applications}, 
 volume  = {26}, 
 pages   = {2186}, 
 year    = {1990}
}

@ARTICLE{Wang:1995,
 author  = {Wang, L. and Jacques, S. L. and Zheng, L. Q.},
 title   = "{MCML - Monte Carlo modeling of photon transport in multi-layered tissues}",
 journal = {Comput. Methods Progr. Biomed.},
 volume  = {47},
 pages   = {131},
 year    = {1995},
}

@ARTICLE{Wang:1997,
 author  = {Wang, L. and Jacques, S. L. and Zheng, L. Q.},
 title   = "{CONV - convolution for responses to a finite diameter photon beam incident on multi-layered tissues}",
 journal = {Comput. Methods Progr. Biomed.},
 volume  = {54},
 pages   = {141},
 year    = {1997},
 note    = {For source code, see: http://omlc.org/software/mc/}
}


% X %%%%%%%%%%%%%%%%%%%%%%%%%%%%%%%%%%%%%%%%%%%%%%%%%%%%%%%%%%%%%%%%%%%%%%%%%%% 

@ARTICLE{Xia:2011,
 title={Poly(vinyl alcohol) gels as photoacoustic breast phantoms revisited},
 author={Xia, W. and Piras, D. and Heijblom, M. and Steenbergen, W. and Van Leeuwen, T. G. and Manohar, S.},
 journal={J. Biomed. Opt.},
 volume={16},
 number={7},
 pages={075002--075002},
 year={2011}
}

@ARTICLE{Xu:2005,
 title   = {Universal back-projection algorithm for photoacoustic computed tomography},
 author  = {Xu, M. and Wang, L. V.},
 journal = {Phys. Rev. E},
 volume  = {71},
 number  = {1},
 pages   = {016706},
 year    = {2005}
}

% Y %%%%%%%%%%%%%%%%%%%%%%%%%%%%%%%%%%%%%%%%%%%%%%%%%%%%%%%%%%%%%%%%%%%%%%%%%%% 

@ARTICLE{Yao:2014,
 author  = {Yao, J. and Wang, L. V.},
 title   = {Sensitivity of photoacoustic microscopy},
 journal = {Photoacoustics},
 volume  = {2},
 pages   = {87--101},
 year    = {2014}
}

@ARTICLE{Yao:2014b,
 title="{Photoacoustic measurement of the Gr{\"u}neisen parameter of tissue}",
 author={Yao, D.-K. and Zhang, C. and Maslov, K. and Wang, L. V.},
 journal={J. Biomed. Opt.},
 volume={19},
 number={1},
 pages={017007--017007},
 year={2014}
}


@ARTICLE{Yu:1998, 
 author  = {Yu, L. and Huang, M. and Chen, M. and Chen, W. and Huang, W. and Zhu, Z.}, 
 title   = "{Quasi-discrete Hankel transform}", 
 journal = {Opt. Lett.}, 
 pages   = {409--411}, 
 volume  = {23}, 
 year    = {1998}
}

% Z %%%%%%%%%%%%%%%%%%%%%%%%%%%%%%%%%%%%%%%%%%%%%%%%%%%%%%%%%%%%%%%%%%%%%%%%%%% 

@ARTICLE{Zell:2007,
 title={Acoustical properties of selected tissue phantom materials for ultrasound imaging},
 author={Zell, K. and Sperl, J. I. and Vogel, M. W. and Niessner, R. and Haisch, C.},
 journal={Phys. Med. Biol.},
 volume={52},
 number={20},
 pages={N475},
 year={2007}
}

% EOF: masterBibfile_optoacoustics.bib
